@article{ParameterShift,
  title = {Evaluating analytic gradients on quantum hardware},
  author = {Schuld, Maria and Bergholm, Ville and Gogolin, Christian and Izaac, Josh and Killoran, Nathan},
  journal = {Phys. Rev. A},
  volume = {99},
  issue = {3},
  pages = {032331},
  numpages = {7},
  year = {2019},
  month = {Mar},
  publisher = {American Physical Society},
  doi = {10.1103/PhysRevA.99.032331},
  url = {https://link.aps.org/doi/10.1103/PhysRevA.99.032331}
}